<?xml version="1.0" encoding="UTF-8"?><collection xmlns="http://www.loc.gov/MARC21/slim"><record><leader>00588nam--2200205-i-4500</leader><controlfield tag="001">000004558</controlfield><controlfield tag="002">20161230</controlfield><controlfield tag="005">20161230201025</controlfield><controlfield tag="008">060222s1000------------r-----000-0-rum-d</controlfield><datafield ind1=" " ind2=" " tag="040"><subfield code="a">IFIN-HH</subfield></datafield><datafield ind1=" " ind2=" " tag="041"><subfield code="a">rum</subfield></datafield><datafield ind1=" " ind2=" " tag="080"><subfield code="a">539.4(076)</subfield></datafield><datafield ind1="1" ind2=" " tag="100"><subfield code="a">Buzdugan, Gh</subfield></datafield><datafield ind1="1" ind2="0" tag="245"><subfield code="a">Culegere de probleme din rezistenta materialelor</subfield><subfield code="b">Vol. i</subfield><subfield code="c">Gh. buzdugan, c. mitescu, r. voinea, s. calmanovici, m. blumenfeld</subfield></datafield><datafield ind1=" " ind2=" " tag="250"><subfield code="a">Editia A Iii-a</subfield></datafield><datafield ind1=" " ind2=" " tag="260"><subfield code="a">Bucuresti</subfield><subfield code="b">Editura Tehnica</subfield><subfield code="c">1958</subfield></datafield><datafield ind1=" " ind2=" " tag="300"><subfield code="a">402 P</subfield></datafield><datafield ind1="1" ind2=" " tag="700"><subfield code="a">Blumenfeld, M</subfield></datafield><datafield ind1=" " ind2=" " tag="852"><subfield code="a">6035</subfield><subfield code="c">539.4</subfield></datafield><datafield ind1=" " ind2=" " tag="CAT"><subfield code="a">Sys</subfield><subfield code="c">20130128</subfield><subfield code="h">145237</subfield></datafield></record></collection>